@book{tomlinson2013,
author = {Tomlinson, J},
isbn = {9780745656502},
publisher = {Wiley},
title = {{Globalization and Culture}},
url = {https://books.google.com.ec/books?id=6Sbseo32zngC},
year = {2013}
}

@book{grimal1991,
author = {Grimal, P},
isbn = {9788475095301},
publisher = {Paid{\'{o}}s},
series = {Paid{\'{o}}s studio},
title = {{La mitolog{\'{i}}a griega}},
url = {https://books.google.com.ec/books?id=veuOMyRr5YcC},
year = {1991}
}

@book{alvarez2002,
author = {{\'{A}}lvarez, M P F and Ant{\'{o}}n, T M},
isbn = {9788478007530},
publisher = {Ediciones Universidad de Salamanca},
series = {Acta Salmanticensia},
title = {{Antolog{\'{i}}a de la literatura n{\'{o}}rdica antigua (edici{\'{o}}n biling{\"{u}}e)}},
url = {https://books.google.com.ec/books?id=ZH-lTtFX48sC},
year = {2002}
}

@misc{mobygames2005,
title = {{God of War for PlayStation 2 (2005) - MobyGames}},
url = {https://www.mobygames.com/game/god-of-war},
urldate = {2019-10-19}
}

@misc{mobygames2003,
title = {{Age of Mythology for Macintosh (2003) - MobyGames}},
url = {https://www.mobygames.com/game/age-of-mythology},
urldate = {2019-10-19}
}

@misc{Boundless2019,
title = {{Globalization and the U.S. | Boundless US History}},
url = {https://courses.lumenlearning.com/boundless-ushistory/chapter/globalization-and-the-u-s/},
urldate = {2019-11-22}
}

@misc{VargasLlosa2000,
author = {{Vargas Llosa}, Mario},
title = {{Las culturas y la globalizaci{\'{o}}n | Edici{\'{o}}n impresa | EL PA{\'{I}}S}},
url = {https://elpais.com/diario/2000/04/16/opinion/955836005{\_}850215.html},
urldate = {2019-04-20},
year = {2000}
}

@article{Mulato2016,
abstract = {Huitzilopochtli, Cuatlicue, Iztaccihuatl y Popocat{\'{e}}petl regresan en forma de ilustraciones.},
author = {Mulato, Abril},
month = {jun},
publisher = {Ediciones El Pa{\'{i}}s},
title = {{As{\'{i}} pasaban sus ratos de ocio los dioses aztecas, seg{\'{u}}n este c{\'{o}}mic}},
url = {https://verne.elpais.com/verne/2016/06/21/mexico/1466463904{\_}573144.html},
year = {2016}
}

@misc{Andina2019,
title = {{Feria del Libro: j{\'{o}}venes arequipe{\~{n}}os presentan hoy novela gr{\'{a}}fica | Noticias | Agencia Peruana de Noticias Andina}},
url = {https://andina.pe/agencia/noticia-feria-del-libro-jovenes-arequipenos-presentan-hoy-novela-grafica-719203.aspx},
urldate = {2019-04-14}
}

@misc{Espanola2019,
title = {{videojuego | Definici{\'{o}}n de videojuego - Diccionario de la lengua espa{\~{n}}ola - Edici{\'{o}}n del Tricentenario}},
url = {https://dle.rae.es/?id=bmnbNU7},
urldate = {2019-05-04}
}

@article{Rossaro2012,
author = {Rossaro, Ana Laura and Rossaro, Ana Laura},
journal = {Opini{\'{o}}n},
title = {{Aprender jugando, los videojuegos y su potencial educativo}},
url = {https://ineverycrea.net/comunidad/ineverycrea/recurso/aprender-jugando-los-videojuegos-y-su-potencial-ed/ba4316fb-a533-4db4-9d91-92e0768dd9e4 http://ineverycrea.net/comunidad/ineverycrea/recurso/Aprender-jugando-Los-videojuegos-y-su-potencial-e/ba4316fb-a533-4db4-9d91-92e0768dd9e4},
year = {2012}
}

@article{RahmanNunez2017,
author = {{Rahman N{\'{u}}{\~{n}}ez}, Hussein Gabriel},
file = {:C$\backslash$:/Users/DELL/AppData/Local/Mendeley Ltd./Mendeley Desktop/Downloaded/Rahman N{\'{u}}{\~{n}}ez - 2017 - Videojuego educativo en 3D para dispositivos m{\'{o}}viles Android, enfocado al aprendizaje de la L{\'{o}}gica de Programaci{\'{o}}n.pdf:pdf;:C$\backslash$:/Users/DELL/AppData/Local/Mendeley Ltd./Mendeley Desktop/Downloaded/Rahman N{\'{u}}{\~{n}}ez - 2017 - Videojuego educativo en 3D para dispositivos m{\'{o}}viles Android, enfocado al aprendizaje de la L{\'{o}}gica de Programac(2).pdf:pdf;:C$\backslash$:/Users/DELL/AppData/Local/Mendeley Ltd./Mendeley Desktop/Downloaded/Rahman N{\'{u}}{\~{n}}ez - 2017 - Videojuego educativo en 3D para dispositivos m{\'{o}}viles Android, enfocado al aprendizaje de la L{\'{o}}gica de Programac(3).pdf:pdf},
keywords = {APLICACIONES M{\'{O}}VILES,DESARROLLO DE SOFTWARE,L{\'{O}}GICA DE PROGRAMACI{\'{O}}N,VIDEOJUEGOS},
title = {{Videojuego educativo en 3D para dispositivos m{\'{o}}viles Android, enfocado al aprendizaje de la L{\'{o}}gica de Programaci{\'{o}}n para usuarios entre los 5 a 18 a{\~{n}}os de edad}},
year = {2017}
}

@article{PardinaBustamante2016,
archivePrefix = {arXiv},
arxivId = {1612.02143},
author = {{Pardina Bustamante}, Alejandro},
doi = {10.1103/PhysRevX.7.041008},
eprint = {1612.02143},
isbn = {8484083462},
issn = {2160-3308},
pages = {145},
pmid = {19707976},
title = {{Desarrollo de software aplicaciones m{\'{o}}viles videojuegos l{\'{o}}gica de programaci{\'{o}}n}},
url = {file:///C:/Users/HOGAR/Downloads/CD-2042.pdf},
year = {2016}
}

@misc{Espanola2119,
title = {{prehisp{\'{a}}nico, ca | Definici{\'{o}}n de prehisp{\'{a}}nico, ca - «Diccionario de la lengua espa{\~{n}}ola» - Edici{\'{o}}n del Tricentenario}},
url = {https://dle.rae.es/?id=TzsUVHI},
urldate = {2019-05-21}
}

@book{chang2007,
author = {Chang-Rodriguez, E},
isbn = {9781111801472},
publisher = {Cengage Learning},
title = {{Latinoamerica: su civilizacion y su cultura}},
url = {https://books.google.com.ec/books?id=oZoGAAAAQBAJ},
year = {2007}
}

@book{baudouin2012,
author = {Baudouin, B},
isbn = {9788431552732},
publisher = {De Vecchi, Editorial, S.A.},
title = {{Los Incas}},
url = {https://books.google.com.ec/books?id=BLe29H2Dk1kC},
year = {2012}
}

@book{steele2004,
author = {Steele, P R and {Catherine J. Allen}, P S and Allen, C J and Services, ABC-Clio Information},
isbn = {9781576073544},
publisher = {ABC-CLIO},
series = {Handbooks of world mythology},
title = {{Handbook of Inca Mythology}},
url = {https://books.google.com.ec/books?id=6Wa9RwqdqEkC},
year = {2004}
}

@book{de2004,
author = {{de Pablos Heredero}, C},
isbn = {9788473563758},
publisher = {Esic Editorial},
series = {Biblioteca de economía y finanzas},
title = {{Inform{\'{a}}tica y comunicaciones en la empresa}},
url = {https://books.google.com.ec/books?id=U0MXWtqjxtsC},
year = {2004}
}

@misc{programacion2019,
title = {{Programaci{\'{o}}n Inform{\'{a}}tica - Qu{\'{e}} es y Definici{\'{o}}n 2019}},
url = {{https://conceptodefinicion.de/programacion-informatica/}},
urldate = {2019-05-21}
}

@book{lacasa2011,
author = {Lacasa, P},
isbn = {9788471126351},
publisher = {Morata},
series = {Nuevas tecnologías aplicadas a la educaci{\'{o}}n},
title = {{Los videojuegos}},
url = {https://books.google.com.ec/books?id=NJxyAgAAQBAJ},
year = {2011}
}

@book{moyadesarrollo,
author = {Moya, F and Gonzalez, C and Villa, D},
publisher = {Cursos en Espa{\~{n}}ol},
title = {{Desarrollo de Videojuegos: Tecnicas Avanzadas}},
url = {https://books.google.com.ec/books?id=JmDABAAAQBAJ}
}

@book{baudouin2012incas,
  title={Los Incas},
  author={Baudouin, B.},
  isbn={9788431552732},
  url={https://books.google.com.ec/books?id=BLe29H2Dk1kC},
  year={2012},
  publisher={De Vecchi, Editorial, S.A.}
}

@book{baudouin2012incas,
  title={Los Incas},
  author={Baudouin, B.},
  isbn={9788431552732},
  url={https://books.google.com.ec/books?id=BLe29H2Dk1kC},
  year={2012},
  publisher={De Vecchi, Editorial, S.A.}
}

@book{de2006enciclopedia,
  title={Enciclopedia tem{\'a}tica del Per{\'u}: Primeras civilizaciones},
  author={de Diez Canseco, M.R.},
  series={Enciclopedia tem{\'a}tica del Per{\'u}},
  url={https://books.google.com.ec/books?id=hpl9AQAACAAJ},
  year={2006},
  publisher={El Comerio}
}

@book{2010batallas,
  title={Batallas y personajes del Ecuador},
  author={Súper Diario Familiar},
  year={2010},
  publisher={unieditorial}
}

@book{morel1987diccionario,
  title={Diccionario mitol{\'o}gico americano: dioses, razas, leyendas},
  author={Morel, H.V. and Moral, J.D.},
  isbn={9789501703276},
  series={Horus (Buenos Aires, Argentina)},
  url={https://books.google.com.ec/books?id=RWxzRcDWzWYC},
  year={1987},
  publisher={Editorial Kier}
}

@book{chen2004developing,
  title={Developing Application Frameworks in .NET},
  author={Chen, X.},
  isbn={9781430206774},
  series={Books for professionals by professionals},
  url={https://books.google.com.ec/books?id=STbLBPYZI5UC},
  year={2004},
  publisher={Apress}
}

@misc{2020unity,
title = {{Manual | Unity}},
howpublished = {[Online] {https://docs.unity3d.com/es/2018.4/Manual/UnityManual.html}},
urldate = {2020-03-05}
}

@book{okita2014learning,
  title={Learning C\# Programming with Unity 3D},
  author={Okita, A.},
  isbn={9781466586529},
  lccn={2014006696},
  url={https://books.google.com.ec/books?id=CCMbBAAAQBAJ},
  year={2014},
  publisher={Taylor \& Francis}
}

@book{murray2014c,
  title={C\# Game Programming Cookbook for Unity 3D},
  author={Murray, J.W.},
  isbn={9781466581401},
  lccn={2013048921},
  url={https://books.google.com.ec/books?id=3uPMAwAAQBAJ},
  year={2014},
  publisher={Taylor \& Francis}
}

@book{manzur2018godot,
  title={Godot Engine Game Development in 24 Hours, Sams Teach Yourself: The Official Guide to Godot 3.0},
  author={Manzur, A. and Marques, G.},
  isbn={9780134835211},
  series={Sams Teach Yourself},
  url={https://books.google.com.ec/books?id=3gBRDwAAQBAJ},
  year={2018},
  publisher={Pearson Education}
}

@book{sanders2016introduction,
  title={An Introduction to Unreal Engine 4},
  author={Sanders, A.},
  isbn={9781498765107},
  url={https://books.google.com.ec/books?id=2i8NDgAAQBAJ},
  year={2016},
  publisher={CRC Press}
}

@misc{unreal2020,
title = {{Comience con UE4 | Documentaci{\'{o}}n irreal del motor}},
howpublished = {[Online] {https://docs.unrealengine.com/en-US/GettingStarted/index.html}},
urldate = {2020-02-05}
}

@techreport{Acerenza2009,
author = {Acerenza, Nicol{\'{a}}s and Coppes, Ariel and Mesa, Gustavo and Viera, Alejandro and Fern{\'{a}}ndez, Eduardo and Laurenzo, Tom{\'{a}}s and Vallespir, Diego},
file = {::},
title = {{Una metodolog{\'{i}}a para desarrollo de videojuegos: versi{\'{o}}n extendida}},
year = {2009}
}

@article{Implementacion2011,
author = {{A. Barreno, G. Alexander, S. Guaraca}, and M. Gonzalo},
title = {{Adaptaci{\'{o}}n de las metodolog{\'{i}}as {\'{a}}giles Scrum y Extreme Game Development en una metodolog{\'{i}}a para el desarrollo de videojuegos en Android. Caso pr{\'{a}}ctico: Desarrollo de un videojuego.}},
year = {2011}
}

@misc{gimp2020,
title = {{GIMP - About GIMP}},
howpublished = {[Online] {https://www.gimp.org/about/}},
urldate = {2020-03-04}
}

@misc{vsc2020,
title = {{Visual Studio Code Frequently Asked Questions}},
howpublished = {[Online] {https://code.visualstudio.com/docs/supporting/faq}},
urldate = {2020-03-05}
}






